@article{Aboudan2011DyslexiaIT,
  title   = {Dyslexia in the United Arab Emirates University – A Study of Prevalence in English and Arabic},
  author  = {Rima Aboudan and V. Eapen and Maryam Bayshak and Mouza Al-Mansouri and Marwa Al-Shamsi},
  journal = {International Journal of English Linguistics},
  year    = {2011},
  volume  = {1},
  pages   = {64}
}

@online{afp_covid_2021,
  title      = {Covid patients with sedentary habits more likely to die: {Study}},
  shorttitle = {Covid patients with sedentary habits more likely to die},
  url        = {https://www.nst.com.my/world/world/2021/04/682122/covid-patients-sedentary-habits-more-likely-die-study},
  language   = {en},
  date       = {2021-04-14},
  urladdon   = {NST Online},
  author     = {AFP},
  month      = apr,
  year       = {2021}
}

@article{Alexander2004,
  doi       = {10.1177/08830738040190100401},
  url       = {https://doi.org/10.1177/08830738040190100401},
  year      = {2004},
  month     = oct,
  publisher = {{SAGE} Publications},
  volume    = {19},
  number    = {10},
  pages     = {744--758},
  author    = {Ann W. Alexander and Anne-Marie Slinger-Constant},
  title     = {Current Status of Treatments for Dyslexia: Critical Review},
  journal   = {Journal of Child Neurology}
}

@article{Anis2018,
  doi       = {10.13140/RG.2.2.30068.04483},
  url       = {http://rgdoi.net/10.13140/RG.2.2.30068.04483},
  author    = {Yuzaidey,  Nurul Anis Mohd and {Normah Che Din} and {Mahadir Ahmad} and {Norhayati Ibrahim} and {Rogayah A. Razak} and {Dzalani Harun}},
  title     = {Interventions for Children with Dyslexia: A review on current intervention methods},
  publisher = {Unpublished},
  year      = {2017}
}

@article{Arif2015,
  doi       = {10.14569/ijacsa.2015.060230},
  url       = {https://doi.org/10.14569/ijacsa.2015.060230},
  year      = {2015},
  publisher = {The Science and Information Organization},
  volume    = {6},
  number    = {2},
  author    = {Muhammad `Arif and Haswadi Hassan and Dewi Nasien and Habibollah Haron},
  title     = {A Review on Feature Extraction and Feature Selection for Handwritten Character Recognition},
  journal   = {International Journal of Advanced Computer Science and Applications}
}

@inproceedings{Arora2018,
  doi       = {10.1109/icsccc.2018.8703329},
  url       = {https://doi.org/10.1109/icsccc.2018.8703329},
  year      = {2018},
  month     = dec,
  publisher = {{IEEE}},
  author    = {Nishtha Arora and Goldie Gabrani},
  title     = {Significant Machine Learning and Statistical Concepts and their Applications in Social Computing},
  booktitle = {2018 First International Conference on Secure Cyber Computing and Communication ({ICSCCC})}
}

@article{Ashraf2011PrevalenceOD,
  title   = {Prevalence of Dyslexia in Secondary School Students in Lahore},
  author  = {Mujeeba Ashraf and Saima Majeed},
  journal = {Pakistan Journal of Psychological Research},
  year    = {2011},
  volume  = {26}
}
@inproceedings{Bhandare2016ApplicationsOC,
  title  = {Applications of Convolutional Neural Networks},
  author = {Ashwin Bhandare and Maithili Bhide and Pranav Gokhale and Rohan Chandavarkar},
  year   = {2016}
}

@article{Bre2017,
  author  = {Bre, Facundo and Gimenez, Juan and Fachinotti, Víctor},
  year    = {2017},
  month   = {11},
  pages   = {},
  title   = {Prediction of wind pressure coefficients on building surfaces using Artificial Neural Networks},
  volume  = {158},
  journal = {Energy and Buildings},
  doi     = {10.1016/j.enbuild.2017.11.045}
}
@article{ChengLai2013,
  doi       = {10.1016/j.ridd.2013.06.039},
  url       = {https://doi.org/10.1016/j.ridd.2013.06.039},
  year      = {2013},
  month     = oct,
  publisher = {Elsevier {BV}},
  volume    = {34},
  number    = {10},
  pages     = {3372--3383},
  author    = {Alice Cheng-Lai and Cecilia W.P. Li-Tsang and Alan H.L. Chan and Amy G.W. Lo},
  title     = {Writing to dictation and handwriting performance among Chinese children with dyslexia: Relationships with orthographic knowledge and perceptual-motor skills},
  journal   = {Research in Developmental Disabilities}
}

@article{Choy2018,
  doi       = {10.1148/radiol.2018171820},
  url       = {https://doi.org/10.1148/radiol.2018171820},
  year      = {2018},
  month     = aug,
  publisher = {Radiological Society of North America ({RSNA})},
  volume    = {288},
  number    = {2},
  pages     = {318--328},
  author    = {Garry Choy and Omid Khalilzadeh and Mark Michalski and Synho Do and Anthony E. Samir and Oleg S. Pianykh and J. Raymond Geis and Pari V. Pandharipande and James A. Brink and Keith J. Dreyer},
  title     = {Current Applications and Future Impact of Machine Learning in Radiology},
  journal   = {Radiology}
}
@misc{datasetsrc1,
  doi       = {10.18434/T4H01C},
  url       = {https://www.nist.gov/srd/nist-special-database-19},
  author    = {{Patricia A. Flanagan}},
  language  = {en},
  title     = {NIST Handprinted Forms and Characters - NIST Special Database 19},
  publisher = {National Institute of Standards and Technology},
  year      = {2016},
  copyright = {License Information for NIST data}
}

@misc{datasetsrc2,
  url      = {https://www.kaggle.com/datasets/sachinpatel21/az-handwritten-alphabets-in-csv-format},
  author   = {{Sachin Patel}},
  language = {en},
  title    = {A-Z Handwritten Alphabets in .csv format},
  year     = {2017},
  journal  = {Kaggle}
}
@article{Dietterich1996,
  doi       = {10.1145/242224.242229},
  url       = {https://doi.org/10.1145/242224.242229},
  year      = {1996},
  month     = dec,
  publisher = {Association for Computing Machinery ({ACM})},
  volume    = {28},
  number    = {4es},
  pages     = {3},
  author    = {Tom Dietterich},
  title     = {Machine learning},
  journal   = {{ACM} Computing Surveys}
}
@incollection{Dinov2018,
  doi       = {10.1007/978-3-319-72347-1_23},
  url       = {https://doi.org/10.1007/978-3-319-72347-1_23},
  year      = {2018},
  publisher = {Springer International Publishing},
  pages     = {765--817},
  author    = {Ivo D. Dinov},
  title     = {Deep Learning,  Neural Networks},
  booktitle = {Data Science and Predictive Analytics}
}
@incollection{DiPietro2020,
  doi       = {10.1016/b978-0-12-816176-0.00026-0},
  url       = {https://doi.org/10.1016/b978-0-12-816176-0.00026-0},
  year      = {2020},
  publisher = {Elsevier},
  pages     = {503--519},
  author    = {Robert DiPietro and Gregory D. Hager},
  title     = {Deep learning: {RNNs} and {LSTM}},
  booktitle = {Handbook of Medical Image Computing and Computer Assisted Intervention}
}
@article{Drotr2020DysgraphiaDT,
  doi       = {10.1038/s41598-020-78611-9},
  url       = {https://doi.org/10.1038/s41598-020-78611-9},
  year      = {2020},
  month     = dec,
  publisher = {Springer Science and Business Media {LLC}},
  volume    = {10},
  number    = {1},
  author    = {Peter Drot{\'{a}}r and Marek Dobe{\v{s}}},
  title     = {Dysgraphia detection through machine learning},
  journal   = {Scientific Reports}
}
@incollection{ElNaqa2015,
  doi       = {10.1007/978-3-319-18305-3_1},
  url       = {https://doi.org/10.1007/978-3-319-18305-3_1},
  year      = {2015},
  publisher = {Springer International Publishing},
  pages     = {3--11},
  author    = {Issam El Naqa and Martin J. Murphy},
  title     = {What Is Machine Learning?},
  booktitle = {Machine Learning in Radiation Oncology}
}
@article{Erickson2017,
  doi       = {10.1148/rg.2017160130},
  url       = {https://doi.org/10.1148/rg.2017160130},
  year      = {2017},
  month     = mar,
  publisher = {Radiological Society of North America ({RSNA})},
  volume    = {37},
  number    = {2},
  pages     = {505--515},
  author    = {Bradley J. Erickson and Panagiotis Korfiatis and Zeynettin Akkus and Timothy L. Kline},
  title     = {Machine Learning for Medical Imaging},
  journal   = {{RadioGraphics}}
}
@article{Francks2002,
  doi       = {10.1016/s1474-4422(02)00221-1},
  url       = {https://doi.org/10.1016/s1474-4422(02)00221-1},
  year      = {2002},
  month     = dec,
  publisher = {Elsevier {BV}},
  volume    = {1},
  number    = {8},
  pages     = {483--490},
  author    = {Clyde Francks and I Laurence MacPhie and Anthony P Monaco},
  title     = {The genetic basis of dyslexia},
  journal   = {The Lancet Neurology}
}

@article{Fulkerson1995,
  author  = {Bill Fulkerson and D. Michie and D. J. Spiegelhalter and C. C. Taylor},
  doi     = {10.2307/1269742},
  issn    = {00401706},
  issue   = {4},
  journal = {Technometrics},
  month   = {11},
  pages   = {459},
  title   = {Machine Learning, Neural and Statistical Classification},
  volume  = {37},
  year    = {1995}
}
@article{Gao2018,
  author  = {Gao, Miao and Shi, Guoyou and Li, Shuang},
  year    = {2018},
  month   = {11},
  pages   = {4211},
  title   = {Online Prediction of Ship Behavior with Automatic Identification System Sensor Data Using Bidirectional Long Short-Term Memory Recurrent Neural Network},
  volume  = {18},
  journal = {Sensors},
  doi     = {10.3390/s18124211}
}

@article{Garg2023,
  doi       = {10.22214/ijraset.2023.48954},
  url       = {https://doi.org/10.22214/ijraset.2023.48954},
  year      = {2023},
  month     = feb,
  publisher = {International Journal for Research in Applied Science and Engineering Technology ({IJRASET})},
  volume    = {11},
  number    = {2},
  pages     = {47--51},
  author    = {Ayush Garg and Deepika Bansal},
  title     = {Application of Machine Learning in Disease Prediction},
  journal   = {International Journal for Research in Applied Science and Engineering Technology}
}
@article{Gosse2019DoCW,
  title   = {Do children with dyslexia present a handwriting deficit? Impact of word orthographic and graphic complexity on handwriting and spelling performance.},
  author  = {Claire Gosse and Marie Van Reybroeck},
  journal = {Research in developmental disabilities},
  year    = {2019},
  volume  = {97},
  pages   = {
             103553
             }
}
@article{Gosse2020,
  doi       = {10.1016/j.ridd.2019.103553},
  url       = {https://doi.org/10.1016/j.ridd.2019.103553},
  year      = {2020},
  month     = feb,
  publisher = {Elsevier {BV}},
  volume    = {97},
  pages     = {103553},
  author    = {Claire Gosse and Marie Van Reybroeck},
  title     = {Do children with dyslexia present a handwriting deficit? Impact of word orthographic and graphic complexity on handwriting and spelling performance},
  journal   = {Research in Developmental Disabilities}
}
@article{Guerin1993DyslexicSA,
  title   = {Dyslexic subtypes and severity levels: are there gender differences?},
  author  = {Diana Wright Guerin and John R. Griffin and Allen W. Gottfried and Garth N. Christenson},
  journal = {Optometry and vision science : official publication of the American Academy of Optometry},
  year    = {1993},
  volume  = {70 5},
  pages   = {
             348-51
             }
}

@article{Huang2007,
  doi       = {10.1080/10408390600626453},
  url       = {https://doi.org/10.1080/10408390600626453},
  year      = {2007},
  month     = apr,
  publisher = {Informa {UK} Limited},
  volume    = {47},
  number    = {2},
  pages     = {113--126},
  author    = {Yiqun Huang and Lars J. Kangas and Barbara A. Rasco},
  title     = {Applications of Artificial Neural Networks ({ANNs}) in Food Science},
  journal   = {Critical Reviews in Food Science and Nutrition}
}
@misc{Isa_2022_Kaggle,
  title   = {Dyslexia handwriting dataset},
  url     = {https://www.kaggle.com/datasets/drizasazanitaisa/dyslexia-handwriting-dataset},
  journal = {Kaggle},
  author  = {Isa, Dr. Iza Sazanita},
  year    = {2022},
  month   = {Feb}
}
@article{isa2019automated,
  title     = {Automated detection of dyslexia symptom based on handwriting image for primary school children},
  author    = {Isa, Iza Sazanita and Rahimi, Wan Nurazwin Syazwani and Ramlan, Siti Azura and Sulaiman, Siti Noraini},
  journal   = {Procedia Computer Science},
  volume    = {163},
  pages     = {440--449},
  year      = {2019},
  publisher = {Elsevier}
}

@article{Isa2019AutomatedDO,
  title   = {Automated Detection of Dyslexia Symptom Based on Handwriting Image for Primary School Children},
  author  = {Iza Sazanita Isa and Wan Nurazwin Syazwani Rahimi and Siti Azura Ramlan and Siti Noraini Sulaiman},
  journal = {Procedia Computer Science},
  year    = {2019}
}
@inproceedings{Isa2021CNNCM,
  title  = {CNN Comparisons Models on Dyslexia Handwriting Classification},
  author = {Iza Sazanita Isa and Muhammad Aiman Zahir and Siti Azura Ramlan and Wang Li-Chih and Siti Noraini Sulaiman},
  year   = {2021}
}
@book{Jain1999,
  author    = {Jain, L. C. and Medsker, L. R.},
  title     = {Recurrent Neural Networks: Design and Applications},
  year      = {1999},
  isbn      = {0849371813},
  publisher = {CRC Press, Inc.},
  address   = {USA},
  edition   = {1st}
}

@inproceedings{Jankovic2022,
  doi       = {10.1109/zinc55034.2022.9840532},
  url       = {https://doi.org/10.1109/zinc55034.2022.9840532},
  year      = {2022},
  month     = may,
  publisher = {{IEEE}},
  author    = {Milica M. Jankovic},
  title     = {Biomarker-based approaches for dyslexia screening: A review},
  booktitle = {2022 {IEEE} Zooming Innovation in Consumer Technologies Conference ({ZINC})}
}
@article{Jhaveri2022,
  doi       = {10.1155/2022/1833507},
  url       = {https://doi.org/10.1155/2022/1833507},
  year      = {2022},
  month     = aug,
  publisher = {Hindawi Limited},
  volume    = {2022},
  pages     = {1--26},
  author    = {Rutvij H. Jhaveri and A. Revathi and Kadiyala Ramana and Roshani Raut and Rajesh Kumar Dhanaraj},
  editor    = {Saqib Hakak},
  title     = {A Review on Machine Learning Strategies for Real-World Engineering Applications},
  journal   = {Mobile Information Systems}
}

@article{Kasperkiewicz2000,
  doi       = {10.1016/s0924-0136(00)00641-5},
  url       = {https://doi.org/10.1016/s0924-0136(00)00641-5},
  year      = {2000},
  month     = oct,
  publisher = {Elsevier {BV}},
  volume    = {106},
  number    = {1-3},
  pages     = {74--79},
  author    = {J. Kasperkiewicz},
  title     = {The applications of {ANNs} in certain materials-analysis problems},
  journal   = {Journal of Materials Processing Technology}
}
@article{Kearns2019,
  doi       = {10.1177/0040059918820051},
  url       = {https://doi.org/10.1177/0040059918820051},
  year      = {2019},
  month     = jan,
  publisher = {{SAGE} Publications},
  volume    = {51},
  number    = {3},
  pages     = {175--188},
  author    = {Devin M. Kearns and Roeland Hancock and Fumiko Hoeft and Kenneth R. Pugh and Stephen J. Frost},
  title     = {The Neurobiology of Dyslexia},
  journal   = {{TEACHING} Exceptional Children}
}
@book{Knu86book,
  author    = {Knuth, Donald E.},
  year      = {1986},
  title     = {The \TeX\ book},
  publisher = {Wesley Publishing Co., Reading. Ma}
}
@article{kopka1995guide,
  title     = {A Guide to \LaTeX{} Document},
  author    = {Kopka, H and Daly, PW},
  year      = {1995},
  publisher = {Citeseer}
}
@incollection{Krenker2011,
  doi       = {10.5772/15751},
  url       = {https://doi.org/10.5772/15751},
  year      = {2011},
  month     = apr,
  publisher = {{InTech}},
  author    = {Andrej Krenker and Janez Bester and Andrej Kos},
  title     = {Introduction to the Artificial Neural Networks},
  booktitle = {Artificial Neural Networks - Methodological Advances and Biomedical Applications}
}
@article{Lam2011ChineseHP,
  title   = {Chinese handwriting performance of primary school children with dyslexia.},
  author  = {Sutie Lam and Ricky K. C. Au and Howard Leung and Cecilia Wai Ping Li-Tsang},
  journal = {Research in developmental disabilities},
  year    = {2011},
  volume  = {32 5},
  pages   = {
             1745-56
             }
}


@book{lamport1994latex,
  title     = {\LaTeX{}: A document preparation system: User's guide and reference manual},
  author    = {Lamport, Leslie},
  year      = {1994},
  publisher = {Addison-Wesley}
}
@article{Langley1995,
  doi       = {10.1145/219717.219768},
  url       = {https://doi.org/10.1145/219717.219768},
  year      = {1995},
  month     = nov,
  publisher = {Association for Computing Machinery ({ACM})},
  volume    = {38},
  number    = {11},
  pages     = {54--64},
  author    = {Pat Langley and Herbert A. Simon},
  title     = {Applications of machine learning and rule induction},
  journal   = {Communications of the {ACM}}
}


@article{Lecun1998,
  author  = {Lecun, Y. and Bottou, L. and Bengio, Y. and Haffner, P.},
  journal = {Proceedings of the IEEE},
  title   = {Gradient-based learning applied to document recognition},
  year    = {1998},
  volume  = {86},
  number  = {11},
  pages   = {2278-2324},
  doi     = {10.1109/5.726791}
}
@article{Lum2017,
  doi       = {10.1038/s41562-017-0141},
  url       = {https://doi.org/10.1038/s41562-017-0141},
  year      = {2017},
  month     = jun,
  publisher = {Springer Science and Business Media {LLC}},
  volume    = {1},
  number    = {7},
  author    = {Kristian Lum},
  title     = {Limitations of mitigating judicial bias with machine learning},
  journal   = {Nature Human Behaviour}
}
@inproceedings{Mana2022,
  doi       = {10.1109/icesc54411.2022.9885296},
  url       = {https://doi.org/10.1109/icesc54411.2022.9885296},
  year      = {2022},
  month     = aug,
  publisher = {{IEEE}},
  author    = {Suja Cherukullapurath Mana and G. Kalaiarasi and Yogitha R and L Suji Helen and R. Senthamil Selvi},
  title     = {Application of Machine Learning in Healthcare: An Analysis},
  booktitle = {2022 3rd International Conference on Electronics and Sustainable Communication Systems ({ICESC})}
}
@article{Mazur2023TheRP,
  title   = {The revision process during handwritten text production: The case of French higher education students with dyslexia.},
  author  = {Audrey Mazur and Florence Chenu},
  journal = {Dyslexia},
  year    = {2023}
}

@inproceedings{Mikhaeil2021OnTD,
  title     = {On the difficulty of learning chaotic dynamics with RNNs},
  author    = {Jonas M. Mikhaeil and Zahra Monfared and Daniel Durstewitz},
  booktitle = {Neural Information Processing Systems},
  year      = {2021}
}
@inproceedings{Mitra2016,
  doi       = {10.1109/iceeot.2016.7754996},
  url       = {https://doi.org/10.1109/iceeot.2016.7754996},
  year      = {2016},
  month     = mar,
  publisher = {{IEEE}},
  author    = {Subhrajit Mitra and Paramita Chattopadhyay},
  title     = {Challenges in implementation of {ANN} in embedded system},
  booktitle = {2016 International Conference on Electrical,  Electronics,  and Optimization Techniques ({ICEEOT})}
}

@book{mittelbach2004latex,
  title     = {The LATEX companion},
  author    = {Mittelbach, Frank and Goossens, Michel and Braams, Johannes and Carlisle, David and Rowley, Chris},
  year      = {2004},
  publisher = {Addison-Wesley Professional}
}
@incollection{mw:dyslexia,
  publisher = {Merriam-Webster},
  year      = {2023},
  title     = {Dyslexia, n.},
  booktitle = {Merriam-Webster.com dictionary},
  url       = {https://www.merriam-webster.com/dictionary/dyslexia},
  urldate   = {2023-06-25}
}

@incollection{mw:machine-learning,
  publisher = {Merriam-Webster},
  year      = {2023},
  title     = {Machine Learning, n.},
  booktitle = {Merriam-Webster.com dictionary},
  url       = {https://www.merriam-webster.com/dictionary/machine\%20learning},
  urldate   = {2023-06-25}
}
@article{Norton2015,
  doi       = {10.1016/j.conb.2014.09.007},
  url       = {https://doi.org/10.1016/j.conb.2014.09.007},
  year      = {2015},
  month     = feb,
  publisher = {Elsevier {BV}},
  volume    = {30},
  pages     = {73--78},
  author    = {Elizabeth S Norton and Sara D Beach and John DE Gabrieli},
  title     = {Neurobiology of dyslexia},
  journal   = {Current Opinion in Neurobiology}
}
@article{Oga2012,
  author  = {Chan Oga and Fatimah Haron},
  doi     = {10.1016/j.sbspro.2012.05.261},
  issn    = {18770428},
  journal = {Procedia - Social and Behavioral Sciences},
  pages   = {1129-1133},
  title   = {Life Experiences of Individuals Living with Dyslexia in Malaysia: A Phenomenological Study},
  volume  = {46},
  year    = {2012}
}

@incollection{Oladipupo2010,
  doi       = {10.5772/9385},
  url       = {https://doi.org/10.5772/9385},
  year      = {2010},
  month     = feb,
  publisher = {{InTech}},
  author    = {Taiwo Oladipupo},
  title     = {Types of Machine Learning Algorithms},
  booktitle = {New Advances in Machine Learning}
}
@article{Ortiz2020,
  doi       = {10.1142/s012906572050029x},
  url       = {https://doi.org/10.1142/s012906572050029x},
  year      = {2020},
  month     = jun,
  publisher = {World Scientific Pub Co Pte Lt},
  volume    = {30},
  number    = {07},
  pages     = {2050029},
  author    = {Andr{\'{e}}s Ortiz and Francisco J. Martinez-Murcia and Juan L. Luque and Almudena Gim{\'{e}}nez and Roberto Morales-Ortega and Julio Ortega},
  title     = {Dyslexia Diagnosis by {EEG} Temporal and Spectral Descriptors: An Anomaly Detection Approach},
  journal   = {International Journal of Neural Systems}
}
@article{Pamina2019SurveyOD,
  title   = {Survey on Deep Learning Algorithms},
  author  = {J. Pamina and Beschi Raja},
  journal = {CompSciRN: Other Machine Learning (Topic)},
  year    = {2019}
}

@article{Paracchini2007,
  doi       = {10.1146/annurev.genom.8.080706.092312},
  url       = {https://doi.org/10.1146/annurev.genom.8.080706.092312},
  year      = {2007},
  month     = sep,
  publisher = {Annual Reviews},
  volume    = {8},
  number    = {1},
  pages     = {57--79},
  author    = {Silvia Paracchini and Thomas Scerri and Anthony P. Monaco},
  title     = {The Genetic Lexicon of Dyslexia},
  journal   = {Annual Review of Genomics and Human Genetics}
}
@article{Pattanaik2008,
  doi       = {10.18000/ijisac.50028},
  url       = {https://doi.org/10.18000/ijisac.50028},
  year      = {2008},
  publisher = {Sathyabama University},
  volume    = {2},
  number    = {1},
  pages     = {74--79},
  author    = {Sridhar Pattanaik and Mishra R.K},
  title     = {{APPLICATION} {OF} {ANN} {FOR} {SOLUTION} {OF} {PDE} {IN} {RF} {ENGINEERING}},
  journal   = {International Journal on Information Sciences and Computing}
}
@article{Pavlidis1981,
  doi       = {10.1016/0028-3932(81)90044-0},
  url       = {https://doi.org/10.1016/0028-3932(81)90044-0},
  year      = {1981},
  month     = jan,
  publisher = {Elsevier {BV}},
  volume    = {19},
  number    = {1},
  pages     = {57--64},
  author    = {George Th. Pavlidis},
  title     = {Do eye movements hold the key to dyslexia?},
  journal   = {Neuropsychologia}
}
@article{Phung2019,
  author  = {Phung, and Rhee,},
  year    = {2019},
  month   = {10},
  pages   = {4500},
  title   = {A High-Accuracy Model Average Ensemble of Convolutional Neural Networks for Classification of Cloud Image Patches on Small Datasets},
  volume  = {9},
  journal = {Applied Sciences},
  doi     = {10.3390/app9214500}
}
@article{Purwono2023,
  doi       = {10.31763/ijrcs.v2i4.888},
  url       = {https://doi.org/10.31763/ijrcs.v2i4.888},
  year      = {2023},
  month     = jan,
  publisher = {{ASCEE} Publications},
  volume    = {2},
  number    = {4},
  pages     = {739--748},
  author    = {Purwono Purwono and Alfian Ma{\textquotesingle}arif and Wahyu Rahmaniar and Haris Imam Karim Fathurrahman and Aufaclav Zatu Kusuma Frisky and Qazi Mazhar ul Haq},
  title     = {Understanding of Convolutional Neural Network ({CNN}): A Review},
  journal   = {International Journal of Robotics and Control Systems}
}
@article{Ramli2020,
  author  = {Shalinawati Ramli and Idayu Badilla Idris and Khairani Omar and Dzalani Harun and Shahlan Surat},
  issue   = {SUPP7},
  journal = {Malaysian Journal of Medicine and Health Sciences},
  pages   = {2636-9346},
  title   = {Development of Dyslexia Health Education Module (DHEM) for Preschool Teachers},
  volume  = {16},
  year    = {2020}
}
@inproceedings{Ray2019,
  doi       = {10.1109/comitcon.2019.8862451},
  url       = {https://doi.org/10.1109/comitcon.2019.8862451},
  year      = {2019},
  month     = feb,
  publisher = {{IEEE}},
  author    = {Susmita Ray},
  title     = {A Quick Review of Machine Learning Algorithms},
  booktitle = {2019 International Conference on Machine Learning,  Big Data,  Cloud and Parallel Computing ({COMITCon})}
}
@article{Richard2020DyslexiaAD,
  title   = {Dyslexia and Dysgraphia prediction: A new machine learning approach},
  author  = {Gilles Richard and Mathieu Serrurier},
  journal = {ArXiv},
  year    = {2020},
  volume  = {abs/2005.06401}
}
@misc{Rizauddin2023,
  author       = {Rizauddin, Saian},
  title        = {uitmthesis},
  year         = {2023},
  publisher    = {GitHub},
  journal      = {GitHub repository},
  howpublished = {\url{https://github.com/rizauddin/uitmthesis}},
  commit       = {c28ea524340f9ef0ca0b9357840224fce90bb1c9}
}

@article{Roitsch2019,
  doi       = {10.11648/j.sjedu.20190704.11},
  url       = {https://doi.org/10.11648/j.sjedu.20190704.11},
  year      = {2019},
  publisher = {Science Publishing Group},
  volume    = {7},
  number    = {4},
  pages     = {81},
  author    = {Jane Roitsch and Silvana Watson},
  title     = {An Overview of Dyslexia: Definition,  Characteristics,  Assessment,  Identification,  and Intervention},
  journal   = {Science Journal of Education}
}
@inproceedings{Rosli2021,
  author  = {Mohamed Syazwan Asyraf Bin Rosli and Iza Sazanita Isa and Siti Azura Ramlan and Siti Noraini Sulaiman and Mohd Ikmal Fitri Maruzuki},
  doi     = {10.1109/ICCSCE52189.2021.9530971},
  journal = {Proceedings - 2021 11th IEEE International Conference on Control System, Computing and Engineering, ICCSCE 2021},
  title   = {Development of CNN Transfer Learning for Dyslexia Handwriting Recognition},
  year    = {2021}
}
@article{Samuelsson2003,
  doi       = {10.1007/s11881-003-0010-8},
  url       = {https://doi.org/10.1007/s11881-003-0010-8},
  year      = {2003},
  month     = jan,
  publisher = {Springer Science and Business Media {LLC}},
  volume    = {53},
  number    = {1},
  pages     = {201--217},
  author    = {Stefan Samuelsson and Ingvar Lundberg},
  title     = {The impact of environmental factors on components of reading and dyslexia},
  journal   = {Annals of Dyslexia}
}
@article{SchulteKrne2010,
  doi       = {10.3238/arztebl.2010.0718},
  url       = {https://doi.org/10.3238/arztebl.2010.0718},
  year      = {2010},
  month     = oct,
  publisher = {Deutscher Arzte-Verlag {GmbH}},
  author    = {Gerd Schulte-K\"{o}rne},
  title     = {The Prevention,  Diagnosis,  and Treatment of Dyslexia},
  journal   = {Deutsches \"{A}rzteblatt international}
}
@article{Schumacher2007,
  doi       = {10.1136/jmg.2006.046516},
  url       = {https://doi.org/10.1136/jmg.2006.046516},
  year      = {2007},
  month     = may,
  publisher = {{BMJ}},
  volume    = {44},
  number    = {5},
  pages     = {289--297},
  author    = {J. Schumacher and P. Hoffmann and C. Schmal and G. Schulte-Korne and M. M Nothen},
  title     = {Genetics of dyslexia: the evolving landscape},
  journal   = {Journal of Medical Genetics}
}

@article{shaywitz1998dyslexia,
  title     = {Dyslexia},
  author    = {Shaywitz, Sally E},
  journal   = {New England Journal of Medicine},
  volume    = {338},
  number    = {5},
  pages     = {307--312},
  year      = {1998},
  publisher = {Mass Medical Soc}
}
@inproceedings{Shi2019,
  doi       = {10.1109/icmla.2019.00224},
  url       = {https://doi.org/10.1109/icmla.2019.00224},
  year      = {2019},
  month     = dec,
  publisher = {{IEEE}},
  author    = {Ziqiang Shi and Chaoliang Zhong and Yasuto Yokota and Wensheng Xia and Jun Sun},
  title     = {Robustness Evaluation of Deep Learning Models Based on Local Prediction Consistency},
  booktitle = {2019 18th {IEEE} International Conference On Machine Learning And Applications ({ICMLA})}
}
@article{Signor2020,
  doi       = {10.1080/19404158.2019.1709216},
  url       = {https://doi.org/10.1080/19404158.2019.1709216},
  year      = {2020},
  month     = jan,
  publisher = {Informa {UK} Limited},
  volume    = {25},
  number    = {1},
  pages     = {1--30},
  author    = {Rita Signor and Mary Claessen and Suze Leit{\~{a}}o},
  title     = {Interventions for dyslexia in Brazil: a scoping review discussed within the perspective of international best practice},
  journal   = {Australian Journal of Learning Difficulties}
}
@article{Snowling2012,
  doi       = {10.1111/j.1471-3802.2012.01262.x},
  url       = {https://doi.org/10.1111/j.1471-3802.2012.01262.x},
  year      = {2012},
  month     = oct,
  publisher = {Wiley},
  volume    = {13},
  number    = {1},
  pages     = {7--14},
  author    = {Margaret J. Snowling},
  title     = {Early identification and interventions for dyslexia: a contemporary view},
  journal   = {Journal of Research in Special Educational Needs}
}

@inproceedings{Sonali2014ResearchPO,
  title  = {Research Paper on Basic of Artificial Neural Network},
  author = {Sonali and B. Maind and Priyanka Wankar},
  year   = {2014}
}
@article{SorianoFerrer2017,
  doi       = {10.1016/j.nrl.2014.08.003},
  url       = {https://doi.org/10.1016/j.nrl.2014.08.003},
  year      = {2017},
  month     = jan,
  publisher = {Elsevier {BV}},
  volume    = {32},
  number    = {1},
  pages     = {50--57},
  author    = {M. Soriano-Ferrer and E. Piedra Mart{\'{\i}}nez},
  title     = {Una revisi{\'{o}}n de las bases neurobiol{\'{o}}gicas de la dislexia en poblaci{\'{o}}n adulta},
  journal   = {Neurolog{\'{\i}}a}
}
@inproceedings{Spoon2019TowardsDD,
  title  = {Towards Detecting Dyslexia in Children's Handwriting Using Neural Networks},
  author = {Katherine Spoon and David J. Crandall and K Siek},
  year   = {2019}
}

@article{Strobel2022,
  doi       = {10.1109/msec.2022.3178187},
  url       = {https://doi.org/10.1109/msec.2022.3178187},
  year      = {2022},
  month     = sep,
  publisher = {Institute of Electrical and Electronics Engineers ({IEEE})},
  volume    = {20},
  number    = {5},
  pages     = {44--49},
  author    = {Martin Strobel and Reza Shokri},
  title     = {Data Privacy and Trustworthy Machine Learning},
  journal   = {{IEEE} Security {\&}amp\:Privacy}
}
@article{Subbaswamy2020EvaluatingMR,
  title   = {Evaluating Model Robustness to Dataset Shift},
  author  = {Adarsh Subbaswamy and Roy J. Adams and Suchi Saria},
  journal = {ArXiv},
  year    = {2020},
  volume  = {abs/2010.15100}
}
@article{Sumner2014,
  doi       = {10.1037/a0035785},
  url       = {https://doi.org/10.1037/a0035785},
  year      = {2014},
  month     = sep,
  publisher = {American Psychological Association ({APA})},
  volume    = {40},
  number    = {5},
  pages     = {1441--1447},
  author    = {Emma Sumner and Vincent Connelly and Anna L. Barnett},
  title     = {The influence of spelling ability on handwriting production: Children with and without dyslexia.},
  journal   = {Journal of Experimental Psychology: Learning,  Memory,  and Cognition}
}
@article{SurezCoalla2020,
  doi       = {10.3389/fpsyg.2020.00319},
  url       = {https://doi.org/10.3389/fpsyg.2020.00319},
  year      = {2020},
  month     = feb,
  publisher = {Frontiers Media {SA}},
  volume    = {11},
  author    = {Paz Su{\'{a}}rez-Coalla and Olivia Afonso and Cristina Mart{\'{\i}}nez-Garc{\'{\i}}a and Fernando Cuetos},
  title     = {Dynamics of Sentence Handwriting in Dyslexia: The Impact of Frequency and Consistency},
  journal   = {Frontiers in Psychology}
}
@article{TaiyabaAnsari2022,
  doi       = {10.48175/ijarsct-3235},
  url       = {https://doi.org/10.48175/ijarsct-3235},
  year      = {2022},
  month     = apr,
  publisher = {Naksh Solutions},
  pages     = {156--159},
  author    = {Taiyaba Ansari and  Pallavi Singh and  Faiza Abid and  Abdul Razzaque},
  title     = {Study on Applications of Convolutional Neural Networks},
  journal   = {International Journal of Advanced Research in Science,  Communication and Technology}
}
@article{Tnnessen1999,
  doi       = {10.1177/002221949903200504},
  url       = {https://doi.org/10.1177/002221949903200504},
  year      = {1999},
  month     = sep,
  publisher = {{SAGE} Publications},
  volume    = {32},
  number    = {5},
  pages     = {386--393},
  author    = {Finn Egil T{\o}nnessen},
  title     = {Options and Limitations of the Cognitive Psychological Approach to the Treatment of Dyslexia},
  journal   = {Journal of Learning Disabilities}
}
@inproceedings{Udomhunsakul,
  year      = {2004},
  doi       = {10.1109/iccis.2004.1460437},
  url       = {https://doi.org/10.1109/iccis.2004.1460437},
  publisher = {{IEEE}},
  author    = {S. Udomhunsakul and P. Wongsita},
  title     = {Feature extraction in medical {MRI} images},
  booktitle = {{IEEE} Conference on Cybernetics and Intelligent Systems,  2004.}
}
@book{urban1986introduction,
  title     = {An introduction to \LaTeX},
  author    = {Urban, Michael},
  year      = {1986},
  publisher = {\TeX\ users group}
}
@article{Usman2021AdvanceML,
  title   = {Advance Machine Learning Methods for Dyslexia Biomarker Detection: A Review of Implementation Details and Challenges},
  author  = {Opeyemi Lateef Usman and Ravie Chandren Muniyandi and Khairuddin Bin Omar and Mazlyfarina Mohamad},
  journal = {IEEE Access},
  year    = {2021},
  volume  = {9},
  pages   = {36879-36897}
}

% research methodology
@article{Wajuihian2011,
  doi       = {10.4102/aveh.v70i4.117},
  url       = {https://doi.org/10.4102/aveh.v70i4.117},
  year      = {2011},
  month     = dec,
  publisher = {{AOSIS}},
  volume    = {70},
  number    = {4},
  author    = {S. O. Wajuihian},
  title     = {Neurobiology of developmental dyslexia: Part  1:  A review of evidence from autopsy and  structural neuro-imaging studies},
  journal   = {African Vision and Eye Health}
}
@article{Wajuihian2011DyslexiaAO,
  title   = {Dyslexia: An overview},
  author  = {Samuel O. Wajuihian and Kovin S. Naidoo},
  journal = {African Vision and Eye Health},
  year    = {2011},
  volume  = {70},
  pages   = {89-98}
}
% kaggle dataset
@article{Yan2017HowIA,
  title   = {How intelligent are convolutional neural networks?},
  author  = {Zhennan Yan and Xiangmin Zhou},
  journal = {ArXiv},
  year    = {2017},
  volume  = {abs/1709.06126}
} 

@article{Yin2003,
  doi       = {10.1016/s1569-190x(03)00044-3},
  url       = {https://doi.org/10.1016/s1569-190x(03)00044-3},
  year      = {2003},
  month     = jul,
  publisher = {Elsevier {BV}},
  volume    = {11},
  number    = {3-4},
  pages     = {211--222},
  author    = {Chungen Yin and Lasse Rosendahl and Zhongyang Luo},
  title     = {Methods to improve prediction performance of {ANN} models},
  journal   = {Simulation Modelling Practice and Theory}
}

@article{Ying2019,
  doi       = {10.1088/1742-6596/1168/2/022022},
  url       = {https://doi.org/10.1088/1742-6596/1168/2/022022},
  year      = {2019},
  month     = feb,
  publisher = {{IOP} Publishing},
  volume    = {1168},
  pages     = {022022},
  author    = {Xue Ying},
  title     = {An Overview of Overfitting and its Solutions},
  journal   = {Journal of Physics: Conference Series}
}
@inproceedings{Zakaria2014ArtificialNN,
  title  = {Artificial Neural Network : A Brief Overview},
  author = {Magdi Zakaria and Mabrouka Amhamed Al-Shebany and Shahenda Sarhan},
  year   = {2014}
}

@article{Zhang2018,
  doi       = {10.1631/fitee.1700808},
  url       = {https://doi.org/10.1631/fitee.1700808},
  year      = {2018},
  month     = jan,
  publisher = {Zhejiang University Press},
  volume    = {19},
  number    = {1},
  pages     = {27--39},
  author    = {Quan-shi Zhang and Song-chun Zhu},
  title     = {Visual interpretability for deep learning: a survey},
  journal   = {Frontiers of Information Technology {\&}amp\: Electronic Engineering}
}